@STRING{ALG = {Algorithmica}}
@STRING{ACM-TOG = {ACM Transactions on Graphics}}
@STRING{ASCG6 = {6th Annual Symposium on Computational Geometry}}
@STRING{CG = {Computer Graphics}}
@STRING{CVIU = {Computer Vision and Image Understanding}}
@STRING{DCG = {Discrete and Computational Geometry}}
@STRING{ECCV4 = {4th European Conference on Computer Vision}}
@STRING{GI88 = {Proceedings Graphics Interface '88}}
@STRING{GI97 = {Proceedings Graphics Interface '97}}
@STRING{ICIP = {International Conference on Image Processing}}
@STRING{ICITCAD = {International Conference on Interactive Techniques in Computer Aided Design}},
@STRING{IEE-ECEJ = {IEE Electronics and Communication Engineering Journal}}
@STRING{IEE-PAMI = {IEE Transactions on Pattern Analysis and Machine Intelligence}}
@STRING{IEEE-CGA = {IEEE Computer Graphics and Applications}}
@STRING{IEEE-CVPR = {IEEE Computer Society Conference on Computer Vision and Pattern Recognition}}
@STRING{IEEE-ICCV = {IEEE International Conference on Computer Vision}}
@STRING{IEEE-ICCA = {IEEE International Conference on Computer Animation}}
@STRING{JGT = {Journal of Graphics Tools}}
@STRING{JVCA = {Journal of Visualization and Computer Animation}}
@STRING{PR = {Pattern Recognition}}
@STRING{S2000 = {Scanning 2000: Fifth Industrial Congress on 3D Digitizing}}
@STRING{TVC = {The Visual Computer}}
@STRING{SIGGRAPH00 = {SIGGRAPH '00 Conference Proceedings}}

@INPROCEEDINGS{Beresford99,
  AUTHOR =	 {Daniel Beresford and Adrian Hilton and Thomas Gentils and
                  Raymond Smith and Wei Sun},
  TITLE =	 {Building 3D Human Models from Captured Images},
  BOOKTITLE =	 {Eurographics UK Chapter 17th Annual Conference},
  YEAR =	 1999,
  MONTH =	 {April}
}

@INPROCEEDINGS{Hilton99,
  AUTHOR =	 {Adrian Hilton and Daniel Beresford and Thomas Gentils and
                  Raymond Smith and Wei Sun},
  TITLE =	 {Virtual People: Capturing Human Models to Populate Virtual
                  Worlds},
  BOOKTITLE =	 IEEE-ICCA,
  PAGES =	 {174-185},
  YEAR =	 {1999}
}

@ARTICLE{Hilton00,
  AUTHOR =       {Adrian Hilton and Daniel Beresford and Thomas Gentils and
                  Raymond Smith and Wei Sun and John Illingworth},
  TITLE =        {Whole-body Modelling of People from Multiview Images to Populate Virtual Worlds},
  JOURNAL =      TVC,
  YEAR =         2000,
  VOLUME =       16,  
  NUMBER =       7,
  PAGES =        {411-436}
}

@INPROCEEDINGS{Smith00,
  AUTHOR =       {Raymond Smith and Adrian Hilton and Wei Sun},
  TITLE =        {Seamless {VRML} Humans},
  BOOKTITLE =    S2000,
  MONTH =        {May},
  YEAR =         2000,
  ADDRESS =	 {Paris, France},
  PAGES =        {77-89}
}

@INPROCEEDINGS{Smith00a,
  AUTHOR =       {Raymond Smith and Wei Sun and Adrian Hilton and John Illingworth},
  TITLE =        {Layered Animation using Displacement Maps},
  BOOKTITLE =    {IEEE Computer Animation 2000},
  MONTH =        {May},
  YEAR =         2000,
  PAGES =        {146-151}
}

@ARTICLE{Starck03,
  AUTHOR =       {Jonathan Starck and Gordon Collins and Raymond Smith and 
                  Adrian Hilton and John Illingworth},
  TITLE =        {Animated Statues},
  JOURNAL =    {Machine Vision and Applications},  
  NUMBER = 4,
  VOLUME = 14,
  MONTH = {September},
  YEAR = 2003,
  PAGES = {248-259}
}  

@INPROCEEDINGS{Sun00,
  AUTHOR =       {Wei Sun and Adrian Hilton and Raymond Smith and John Illingworth},
  TITLE =        {Building Articulated Models from 3{D} Scanned Data},
  BOOKTITLE =    S2000,
  MONTH =        {May},
  YEAR =         2000,
  ADDRESS =	 {Paris, France},
  PAGES =        {263-276}
}

@ARTICLE{Sun01,
  AUTHOR =       {Wei Sun and Adrian Hilton and Raymond Smith and John Illingworth},
  TITLE =        {Layered Animation of Captured Data},
  JOURNAL =      TVC,
  VOLUME =       17,
  NUMBER =       8,
  YEAR =         2001,
  MONTH =        {November},
  PAGES =        {457-474}
}

@INPROCEEDINGS{Sun99,
  AUTHOR =	 {Wei Sun and Adrian Hilton and Raymond Smith and John
                  Illingworth},
  TITLE =	 {Building Layered Animation Models from Captured Data},
  BOOKTITLE =	 {Eurographics Workshop on Animation and Simulation '99},
  PUBLISHER =	 {Springer},
  YEAR =	 1999
}
