@MISC{3DScanners,
   author = {{3D Scanners}},
   URL = {http://www.3dscanners.com}
}

@MISC{3DSMAX,
   author = {Discreet},
   title = {{3D Studio MAX}},
   URL = {http://www.discreet.com}
}

@MISC{AvatarMe,
   author = {{Avatar-Me Ltd.}},
   URL = {http://www.avatar-me.com}
}

@MISC{Cyberware,
   author = {Cyberware},
   URL = {http://www.cyberware.com}
}

@MISC{Geomagic,
   author = {{Raindrop Geomagic Inc.}},
   URL = {http://www.geomagic.com}
}

@MISC{Hensons,
   AUTHOR = {{Jim Henson's Creature Shop}},
   URL = {http://www.creatureshop.com}
}

@MISC{Kaon,
   author = {{Kaon Interactive Inc.}},
   URL = {http://www.kaon.com}
}

@MISC{Lionhead,
   author = {{Lionhead Studios}},
   URL = {http://www.lionhead.com}
}

@MISC{Lionhearth,
   author = {{Lionhearth Technologies Inc.}},
   URL = {http://www.lionhearth.com}
}

@MISC{Maya,
   author = {{Alias Systems}},
   title = {Maya},
   URL = {http://www.alias.com}
}

@MISC{Paraform,
   author = {{Paraform Inc.}},   
   URL = {http://www.paraform.com}
}

@MISC{Pixar,
   author = {{Pixar Animation Studios}},   
   URL = {http://www.pixar.com}
}

@MISC{Polhemus,
   author = {{Polhemus Inc.}},   
   URL = {http://www.polhemus.com}
}

@MISC{PDI,
   author = {{PDI/DreamWorks}},
   URL = {http://www.pdi.com}
}

@MISC{Viewpoint,
   author = {{Viewpoint Corporation}},
   URL = {http://www.viewpoint.com}
}
